<?xml version="1.0" encoding="UTF-8"?><collection xmlns="http://www.loc.gov/MARC21/slim"><record><leader>00395nam--2200157-i-4500</leader><controlfield tag="001">000028255</controlfield><controlfield tag="002">20161230</controlfield><controlfield tag="005">20170113190052</controlfield><controlfield tag="008">060222s1000------------r-----000-0-eng-d</controlfield><datafield ind1=" " ind2=" " tag="080"><subfield code="a">537.67:55038(043)</subfield></datafield><datafield ind1=" " ind2=" " tag="100"><subfield code="a">Le Borgne, Eugene</subfield></datafield><datafield ind1=" " ind2=" " tag="245"><subfield code="a">Sur la susceptibilite magnetique du sol</subfield><subfield code="b">these</subfield></datafield><datafield ind1=" " ind2=" " tag="260"><subfield code="a">Paris</subfield><subfield code="b">Univ</subfield><subfield code="c">1955</subfield></datafield><datafield ind1=" " ind2=" " tag="300"><subfield code="a">81 p</subfield></datafield><datafield ind1=" " ind2=" " tag="852"><subfield code="a">78412</subfield></datafield><datafield ind1=" " ind2=" " tag="CAT"><subfield code="a">SYS</subfield><subfield code="c">20170113</subfield><subfield code="h">190052</subfield></datafield></record></collection>